@ARTICLE{lewis-etal-2000,
   author = {{Lewis}, A. and {Challinor}, A. and {Lasenby}, A.},
    title = "{Efficient Computation of Cosmic Microwave Background Anisotropies in Closed Friedmann-Robertson-Walker Models}",
  journal = {\apj},
     year = 2000,
    month = aug,
   volume = 538,
    pages = {473-476},
   adsurl = {http://cdsads.u-strasbg.fr/cgi-bin/nph-bib_query?bibcode=2000ApJ...538..473L&db_key=AST},
  adsnote = {Provided by the NASA Astrophysics Data System}
}

@ARTICLE{challinor-etal-2000,
    author = {{Challinor}, A. and {Fosalba}, P. and {Mortlock}, D. and {Ashdown}, M. and
	{Wandelt}, B. and {G{\' o}rski}, K.},
    title = "{All-sky convolution for polarimetry experiments}",
    journal = {\prd},
    year = 2000,
    month = dec,
    volume = 62,
    pages = {123002},
    adsurl = {http://adsabs.harvard.edu/cgi-bin/nph-bib_query?bibcode=2000PhRvD..62l3002C&amp;db_key=AST},
    adsnote = {Provided by the NASA Astrophysics Data System}
}

@ARTICLE{wandelt-gorski-2001,
    author = {{Wandelt}, B.~D. and {G{\' o}rski}, K.~M.},
    title = "{Fast convolution on the sphere}",
    journal = {\prd},
    year = 2001,
    month = jun,
    volume = 63,
    pages = {123002},
    adsurl = {http://adsabs.harvard.edu/cgi-bin/nph-bib_query?bibcode=2001PhRvD..63l3002W&amp;db_key=AST},
    adsnote = {Provided by the NASA Astrophysics Data System}
}

@INPROCEEDINGS{gorski-etal-2002,
    author = {{G{\' o}rski}, K.~M. and {Banday}, A.~J. and {Hivon}, E. and
	{Wandelt}, B.~D.},
    title = "{HEALPix --- a Framework for High Resolution, Fast Analysis on the Sphere}",
    booktitle = {ASP Conf. Ser. 281: Astronomical Data Analysis Software and Systems XI},
    year = 2002,
    pages = {107},
    adsurl = {http://adsabs.harvard.edu/cgi-bin/nph-bib_query?bibcode=2002adass..11..107G&amp;db_key=AST},
    adsnote = {Provided by the NASA Astrophysics Data System}
}

@ARTICLE{gorski-etal-2005,
   author = {{G{\' o}rski}, K.~M. and {Hivon}, E. and {Banday}, A.~J. and 
	{Wandelt}, B.~D. and {Hansen}, F.~K. and {Reinecke}, M. and 
	{Bartelmann}, M.},
    title = "{HEALPix: A Framework for High-Resolution Discretization and Fast Analysis of Data Distributed on the Sphere}",
  journal = {\apj},
     year = 2005,
    month = apr,
   volume = 622,
    pages = {759-771},
   adsurl = {http://adsabs.harvard.edu/cgi-bin/nph-bib_query?bibcode=2005ApJ...622..759G&db_key=AST},
  adsnote = {Provided by the NASA Astrophysics Data System}
}

@InProceedings{frigo-johnson-1998,
  author =       {Frigo, Matteo and Johnson, Steven~G.},
  title =        {{F}{F}{T}{W}: An adaptive software architecture for the {F}{F}{T}},
  booktitle =    {Proc. 1998 IEEE Intl. Conf. Acoustics Speech and Signal Processing},
  pages =        {1381--1384},
  year =         1998,
  volume =       3,
  publisher =    {IEEE}
}

@ARTICLE{vanLeeuwen-etal-2002,
    author = {{van Leeuwen}, F. and {Challinor}, A.~D. and {Mortlock}, D.~J. and
	{Ashdown}, M.~A.~J. and {Hobson}, M.~P. and {Lasenby}, A.~N. and
	{Efstathiou}, G.~P. and {Shellard}, E.~P.~S. and {Munshi}, D. and
	{Stolyarov}, V.},
    title = "{Harmonic analysis of cosmic microwave background data - I. Ring reductions and point-source catalogue}",
    journal = {\mnras},
    year = 2002,
    month = apr,
    volume = 331,
    pages = {975-993},
    adsurl = {http://adsabs.harvard.edu/cgi-bin/nph-bib_query?bibcode=2002MNRAS.331..975V&amp;db_key=AST},
    adsnote = {Provided by the NASA Astrophysics Data System}
}

@ARTICLE{challinor-etal-2002,
    author = {{Challinor}, A.~D. and {Mortlock}, D.~J. and {van Leeuwen}, F. and
	{Lasenby}, A.~N. and {Hobson}, M.~P. and {Ashdown}, M.~A.~J. and
	{Efstathiou}, G.~P.},
    title = "{Harmonic analysis of cosmic microwave background data - II. From ring-sets to the sky}",
    journal = {\mnras},
    year = 2002,
    month = apr,
    volume = 331,
    pages = {994-1010},
    adsurl = {http://adsabs.harvard.edu/cgi-bin/nph-bib_query?bibcode=2002MNRAS.331..994C&amp;db_key=AST},
    adsnote = {Provided by the NASA Astrophysics Data System}
}

@ARTICLE{schlegel-etal-1998,
    author = {{Schlegel}, D.~J. and {Finkbeiner}, D.~P. and {Davis}, M.},
    title = "{Maps of Dust Infrared Emission for Use in Estimation of Reddening and Cosmic Microwave Background Radiation Foregrounds}",
    journal = {\apj},
    year = 1998,
    month = jun,
    volume = 500,
    pages = {525},
    adsurl = {http://adsabs.harvard.edu/cgi-bin/nph-bib_query?bibcode=1998ApJ...500..525S&amp;db_key=AST},
    adsnote = {Provided by the NASA Astrophysics Data System}
}

@ARTICLE{finkbeiner-etal-1999,
    author = {{Finkbeiner}, D.~P. and {Davis}, M. and {Schlegel}, D.~J.},
    title = "{Extrapolation of Galactic Dust Emission at 100 Microns to Cosmic Microwave Background Radiation Frequencies Using FIRAS}",
    journal = {\apj},
    year = 1999,
    month = oct,
    volume = 524,
    pages = {867-886},
    adsurl = {http://adsabs.harvard.edu/cgi-bin/nph-bib_query?bibcode=1999ApJ...524..867F&amp;db_key=AST},
    adsnote = {Provided by the NASA Astrophysics Data System}
}

@misc {fits-1999,
    author = {NOST},
    year = {1999},
    title = {Definition of the Flexible Image Transport System (FITS)},
    note = {http://archive.stsci.edu/fits/fits\_standard/}
}

@ARTICLE{seljak-zaldarriaga-1996,
    author = {{Seljak}, U. and {Zaldarriaga}, M.},
    title = "{A Line-of-Sight Integration Approach to Cosmic Microwave Background Anisotropies}",
    journal = {\apj},
    year = 1996,
    month = oct,
    volume = 469,
    pages = {437},
    adsurl = {http://adsabs.harvard.edu/cgi-bin/nph-bib_query?bibcode=1996ApJ...469..437S&amp;db_key=AST},
    adsnote = {Provided by the NASA Astrophysics Data System}
}

@misc {grivell-mann-1999,
    author = {Grivell, I. and Mann, R.},
    year = {1999},
    title = {Sampler module for scan strategy simulations},
    note = {{P}lanck LiveLink repository}
}

@ARTICLE{marsaglia-2003,
    author = {Marsaglia, G.},
    title = "{Xorshift RNGs}",
    journal = {Journal of Statistical Software},
    year = 2003,
    volume = 8,
    pages = {}
}

@ARTICLE{giardino-etal-2002,
    author = {{Giardino}, G. and {Banday}, A.~J. and {G{\' o}rski}, K.~M. and
	{Bennett}, K. and {Jonas}, J.~L. and {Tauber}, J.},
    title = "{Towards a model of full-sky Galactic synchrotron intensity and linear polarisation: A re-analysis of the Parkes data}",
    journal = {\aap},
    year = 2002,
    month = may,
    volume = 387,
    pages = {82-97},
    adsurl = {http://adsabs.harvard.edu/cgi-bin/nph-bib_query?bibcode=2002A%26A...387...82G&amp;db_key=AST},
    adsnote = {Provided by the NASA Astrophysics Data System}
}

@ARTICLE{schaefer-etal-2004a,
    author = {{Sch{\"a}fer}, B.~M. and {Pfrommer}, C. and {Bartelmann}, M. and
	{Springel}, V. and {Hernquist}, L.},
    title = "{Detecting Sunyaev-Zel'dovich clusters with PLANCK: I. Construction of all-sky thermal and kinetic SZ-maps}",
    journal = {ArXiv Astrophysics e-prints},
    eprint = {astro-ph/0407089},
    year = 2004,
    month = jul,
    note = {astro-ph/0407089, submitted to \mnras},
   adsurl = {http://adsabs.harvard.edu/cgi-bin/nph-bib_query?bibcode=2004astro.ph..7089S&db_key=PRE},
  adsnote = {Provided by the NASA Astrophysics Data System}
}

@ARTICLE{schaefer-etal-2004ax,
    author = {{Sch{\"a}fer}, B.~M. and Pfrommer, C. and Bartelmann, M. and Springel, V. and Hernquist, L.},
    title = {Detecting Sunyaev-Zel'dovich clusters with PLANCK: I. Construction of all-sky thermal and kinetic SZ-maps},
    journal = {},
    year = 2004,
    note = {astro-ph/0407089, submitted to \mnras}
}

@ARTICLE{schaefer-etal-2004b,
    author = {{Sch{\"a}fer}, B.~M. and {Pfrommer}, C. and {Hell}, R. and {Bartelmann}, M.
	},
    title = "{Detecting Sunyaev-Zel'dovich clusters with PLANCK: II. Foreground components and optimised filtering schemes}",
    journal = {ArXiv Astrophysics e-prints},
    eprint = {astro-ph/0407090},
    year = 2004,
    month = jul,
    note = {astro-ph/0407090, submitted to \mnras},
   adsurl = {http://adsabs.harvard.edu/cgi-bin/nph-bib_query?bibcode=2004astro.ph..7090S&db_key=PRE},
  adsnote = {Provided by the NASA Astrophysics Data System}
}

@ARTICLE{schaefer-etal-2004bx,
    author = {{Sch{\"a}fer}, B.~M. and Pfrommer, C. and Hell, R.~M. and Bartelmann, M.},
    title = {Detecting Sunyaev-Zel'dovich clusters with PLANCK: II. Foreground components and optimised filtering schemes},
    journal = {},
    year = 2004,
    note = {astro-ph/0407090, submitted to \mnras}
}

@INPROCEEDINGS{pence-1999,
    author = {{Pence}, W.},
    title = "{CFITSIO, v2.0: A New Full-Featured Data Interface}",
    booktitle = {ASP Conf. Ser. 172: Astronomical Data Analysis Software and Systems VIII},
    year = 1999,
    pages = {487}
}

@ARTICLE{haslam-etal-1981,
    author = {{Haslam}, C.~G.~T. and {Klein}, U. and {Salter}, C.~J. and
{Stoffel}, H. and
	{Wilson}, W.~E. and {Cleary}, M.~N. and {Cooke}, D.~J. and {Thomasson}, P.
	},
    title = "{A 408 MHz all-sky continuum survey. I - Observations at southern
declinations and for the North Polar
region}",    journal = {\aap},
    year = 1981,
    month = jul,
    volume = 100,
    pages = {209-219}
}

@ARTICLE{haslam-etal-1982,
    author = {{Haslam}, C.~G.~T. and {Stoffel}, H. and {Salter}, C.~J. and
	{Wilson}, W.~E.},
    title = "{A 408 MHz all-sky continuum survey. II - The atlas of contour
maps}",
    journal = {\aaps},
    year = 1982,
    month = jan,
    volume = 47,
    pages = {1}
}

@ARTICLE{dame-etal-1996,
    author = {{Dame}, T.~M. and {Hartmann}, D. and {Thaddeus}, P.},
    title = "{The Milky Way in Molecular Coulds: A New CO Panorama}",
    journal = {Bulletin of the American Astronomical Society},
    year = 1996,
    month = dec,
    volume = 28,
    pages = {1362}
}

@ARTICLE{dame-etal-2001,
    author = {{Dame}, T.~M. and {Hartmann}, D. and {Thaddeus}, P.},
    title = "{The Milky Way in Molecular Clouds: A New Complete CO Survey}",
    journal = {\apj},
    year = 2001,
    month = feb,
    volume = 547,
    pages = {792-813}
}

@ARTICLE{valls-gabaud-1998,
    author = {{Valls-Gabaud}, D.},
    title = "{Cosmological applications of H-alpha surveys}",
    journal = {PASA},
    year = 1998,
    month = apr,
    volume = 15,
    pages = {111-17}
}

@ARTICLE{finkbeiner-2003,
    author = {{Finkbeiner}, D.~P.},
    title = "{A Full-Sky H{$\alpha$} Template for Microwave Foreground
Prediction}",
    journal = {\apjs},
    year = 2003,
    month = jun,
    volume = 146,
    pages = {407-415}
}

@INBOOK{swarztrauber-1982,
    author = {{Swarztrauber}, P.},
    title = "{Vectorizing the Fast Fourier Transforms}",
    booktitle = {Parallel Computations},
    year = {1982},
    pages = {51},
    publisher	= {Academic Press},
    address	= {New York}
}

@ARTICLE{bluestein-1968,
    author = {{Bluestein}, L.~I.},
    title = "{A linear filtering approach to the computation of the discrete Fourier transform}",
    journal = {Northeast Electronics Research and Engineering Meeting Record},
    year = 1968,
    volume = 10,
    pages = {218-219}
}

@ARTICLE{zaldarriaga-seljak-1997,
   author = {{Zaldarriaga}, M. and {Seljak}, U.},
   title = "{All-sky analysis of polarization in the microwave background}",
   journal = {\prd},
   year = 1997,
   month = feb,
   volume = 55,
   pages = {1830-1840}
}

@ARTICLE{keihanen-etal-2005,
   author = {{Keih{\" a}nen}, E. and {Kurki-Suonio}, H. and {Poutanen}, T.
	},
    title = "{MADAM- a map-making method for CMB experiments}",
  journal = {\mnras},
     year = 2005,
    month = jun,
   volume = 360,
    pages = {390-400},
      doi = {10.1111/j.1365-2966.2005.09055.x},
   adsurl = {http://adsabs.harvard.edu/cgi-bin/nph-bib_query?bibcode=2005MNRAS.360..390K&db_key=AST},
  adsnote = {Provided by the Smithsonian/NASA Astrophysics Data System}
}

@ARTICLE{box-muller-1958,
    author = {Box, G.~E.~P. and Muller, M.~E.},
    title = "{A Note on the Generation of Random Normal Deviates}",
    journal = {Ann.\ Math.\ Stat.},
    year = 1958,
    volume = 29,
    pages = {610-611}
}

@ARTICLE{jenkins-etal-2001,
   author = {{Jenkins}, A. and {Frenk}, C.~S. and {White}, S.~D.~M. and {Colberg}, J.~M. and
	{Cole}, S. and {Evrard}, A.~E. and {Couchman}, H.~M.~P. and
	{Yoshida}, N.},
    title = "{The mass function of dark matter haloes}",
  journal = {\mnras},
     year = 2001,
    month = feb,
   volume = 321,
    pages = {372-384},
   adsurl = {http://adsabs.harvard.edu/cgi-bin/nph-bib_query?bibcode=2001MNRAS.321..372J&db_key=AST},
  adsnote = {Provided by the NASA Astrophysics Data System}
}

@ARTICLE{colberg-etal-2000,
   author = {{Colberg}, J.~M. and {White}, S.~D.~M. and {Yoshida}, N. and
	{MacFarland}, T.~J. and {Jenkins}, A. and {Frenk}, C.~S. and
	{Pearce}, F.~R. and {Evrard}, A.~E. and {Couchman}, H.~M.~P. and
	{Efstathiou}, G. and {Peacock}, J.~A. and {Thomas}, P.~A. and
	{The Virgo Consortium}},
    title = "{Clustering of galaxy clusters in cold dark matter universes}",
  journal = {\mnras},
     year = 2000,
    month = nov,
   volume = 319,
    pages = {209-214},
   adsurl = {http://adsabs.harvard.edu/cgi-bin/nph-bib_query?bibcode=2000MNRAS.319..209C&db_key=AST},
  adsnote = {Provided by the NASA Astrophysics Data System}
}

@INPROCEEDINGS{pasian-sygnet-2002,
   author = {{Pasian}, F. and {Sygnet}, J.},
    title = "{Planck data processing centers}",
booktitle = {Astronomical Data Analysis II.  Edited by Starck, Jean-Luc; Murtagh, Fionn D.    Proceedings of the SPIE, Volume 4847.},
     year = 2002,
    month = dec,
    pages = {25-34},
   adsurl = {http://adsabs.harvard.edu/cgi-bin/nph-bib_query?bibcode=2002SPIE.4847...25P&db_key=AST},
  adsnote = {Provided by the NASA Astrophysics Data System}
}

@ARTICLE{taffoni-etal-2005,
    author = {Taffoni, G. and Maino, D. and Vuerli, C. and Castelli, G. and Smareglia, R. and Zacchei, A. and En{\ss}lin, T. and Pasian, F.},
    journal = {IEEE Transactions on Computers},
    year = 2005,
    note = {in press}
}

@ARTICLE{tauber-2004,
   author = {{Tauber}, J.~A.},
    title = "{The Planck mission}",
  journal = {Advances in Space Research},
     year = 2004,
   volume = 34,
    pages = {491-496},
   adsurl = {http://adsabs.harvard.edu/cgi-bin/nph-bib_query?bibcode=2004AdSpR..34..491T&db_key=AST},
  adsnote = {Provided by the NASA Astrophysics Data System}
}

@ARTICLE{wright-1976,
   author = {{Wright}, E.~L.},
    title = "{Recalibration of the far-infrared brightness temperatures of the planets}",
  journal = {\apj},
     year = 1976,
    month = nov,
   volume = 210,
    pages = {250-253},
   adsurl = {http://adsabs.harvard.edu/cgi-bin/nph-bib_query?bibcode=1976ApJ...210..250W&db_key=AST},
  adsnote = {Provided by the NASA Astrophysics Data System}
}

@ARTICLE{neugebauer-etal-1971,
   author = {{Neugebauer}, G. and {Miinch}, G. and {Kieffer}, H. and {Chase}, S.~C. and 
	{Miner}, E.},
    title = "{Mariner 1969 Infrared Radiometer Results: Temperatures and Thermal Properties of the Martian Surface}",
  journal = {\aj},
     year = 1971,
    month = oct,
   volume = 76,
    pages = {719-+},
   adsurl = {http://adsabs.harvard.edu/cgi-bin/nph-bib_query?bibcode=1971AJ.....76..719N&db_key=AST},
  adsnote = {Provided by the NASA Astrophysics Data System}
}

@ARTICLE{dolag-etal-2005,
   author = {{Dolag}, K. and {Hansen}, F.~K. and {Roncarelli}, M. and {Moscardini}, L.
	},
    title = "{The imprints of local superclusters on the Sunyaev-Zel'dovich signals and their detectability with Planck}",
  journal = {\mnras},
     year = 2005,
    month = oct,
   volume = 363,
    pages = {29-39},
      doi = {10.1111/j.1365-2966.2005.09452.x},
   adsurl = {http://adsabs.harvard.edu/cgi-bin/nph-bib_query?bibcode=2005MNRAS.363...29D&db_key=AST},
  adsnote = {Provided by the Smithsonian/NASA Astrophysics Data System}
}
